@book{TANENBAUM2016,
    author={Andrew S. Tanenbaum},
    title = {Modern Operating Systems},
    year = {2016},
    isbn = {013359162X},
    publisher = {Prentice Hall Press},
    edition = {4th},
}
